@misc{dbeaver_issue_18491,
  title        = {{The SQL generated for SQLite creates the primary key twice on save (persist)}},
  author       = {0xcrypto and others},
  year         = 2022,
  howpublished = {\url{https://github.com/dbeaver/dbeaver/issues/18491}},
  note         = {Accessed: 2024-12-16}
}
